%% This BibTeX bibliography file was created using BibDesk.
%% http://bibdesk.sourceforge.net/


%% Created for Hari Sundaram at 2019-02-12 14:10:58 -0600

@INPROCEEDINGS{tanmoy:2013, 
author={T. {Chakraborty} and S. {Kumar} and M. D. {Reddy} and S. {Kumar} and N. {Ganguly} and A. {Mukherjee}}, 
booktitle={2013 International Conference on Social Computing}, 
title={Automatic Classification and Analysis of Interdisciplinary Fields in Computer Sciences}, 
year={2013}, 
volume={}, 
number={}, 
pages={180-187}, 
keywords={citation analysis;computer science;data analysis;pattern classification;statistical analysis;core-periphery structure;acceptance statistics;submission statistics;core field;selective citation based measurement;evolution dynamics;topological structure;interdisciplinary research field;automated unsupervised classification model;computer science domain;large size citation network;interdisciplinary field analysis;interdisciplinary field classification;Computer science;Indexes;World Wide Web;Communities;Artificial intelligence;Human computer interaction}, 
doi={10.1109/SocialCom.2013.34}, 
ISSN={}, 
month={Sep.},}

@article{Santos:2019,
 author = {Santos, Tiago and Walk, Simon and Kern, Roman and Strohmaier, Markus and Helic, Denis},
 title = {Activity Archetypes in Question-and-Answer (Q\&\#x38;A) Websites\&\#x02014;A Study of 50 Stack Exchange Instances},
 journal = {Trans. Soc. Comput.},
 issue_date = {February 2019},
 volume = {2},
 number = {1},
 month = feb,
 year = {2019},
 issn = {2469-7818},
 pages = {4:1--4:23},
 articleno = {4},
 numpages = {23},
} 

@article{dashun:2013,
  title={Quantifying long-term scientific impact},
  author={Wang, Dashun and Song, Chaoming and Barab{\'a}si, Albert-L{\'a}szl{\'o}},
  journal={Science},
  volume={342},
  number={6154},
  pages={127--132},
  year={2013},
  publisher={American Association for the Advancement of Science}
}

@article{deville:2014,
  title={Career on the move: Geography, stratification, and scientific impact},
  author={Deville, Pierre and Wang, Dashun and Sinatra, Roberta and Song, Chaoming and Blondel, Vincent D and Barab{\'a}si, Albert-L{\'a}szl{\'o}},
  journal={Scientific reports},
  volume={4},
  pages={4770},
  year={2014},
  publisher={Nature Publishing Group}
}

@article{clauset:2015,
  title={Systematic inequality and hierarchy in faculty hiring networks},
  author={Clauset, Aaron and Arbesman, Samuel and Larremore, Daniel B},
  journal={Science advances},
  volume={1},
  number={1},
  pages={e1400005},
  year={2015},
  publisher={American Association for the Advancement of Science}
}

%% Saved with string encoding Unicode (UTF-8) 
@inproceedings{Maryam:2018,
  title={Can We Count on Social Media Metrics?: First Insights into the Active Scholarly Use of Social Media},
  author={Maryam Mehrazar and Christoph Carl Kling and Steffen Lemke and Athanasios Mazarakis and Isabella Peters},
  booktitle={WebSci},
  year={2018}
}

@inproceedings{Hadgu:2014,
 author = {Hadgu, Asmelash Teka and Jaschke, Robert},
 title = {Identifying and Analyzing Researchers on Twitter},
 booktitle = {Proceedings of the 2014 ACM Conference on Web Science},
 series = {WebSci '14},
 year = {2014},
 isbn = {978-1-4503-2622-3},
 location = {Bloomington, Indiana, USA},
 pages = {23--32},
 numpages = {10},
 url = {http://doi.acm.org/10.1145/2615569.2615676},
 doi = {10.1145/2615569.2615676},
 acmid = {2615676},
 publisher = {ACM},
 keywords = {classification, computer science, social network, twitter},
} 

@article{JWS:2017,
url = {http://dx.doi.org/10.1561/106.00000008},
year = {2017},
volume = {3},
journal = {The Journal of Web Science},
title = {Its All About Information? The Following Behaviour of Professors and PhD Students in Computer Science on Twitter},
doi = {10.1561/106.00000008},
issn = {},
number = {1},
pages = {1-15},
author = {Stephanie Linek and Asmelash Teka Hadgu and Christian Pieter Hoffmann and Robert JÃ¤schke and Cornelius Puschmann}
}

@inproceedings{Danescu-Niculescu-Mizil2013,
	Acmid = {2488416},
	Author = {Danescu-Niculescu-Mizil, Cristian and West, Robert and Jurafsky, Dan and Leskovec, Jure and Potts, Christopher},
	Booktitle = {Proceedings of the 22Nd International Conference on World Wide Web},
	Date-Added = {2019-02-12 11:18:26 -0600},
	Date-Modified = {2019-02-12 11:18:27 -0600},
	Doi = {10.1145/2488388.2488416},
	Isbn = {978-1-4503-2035-1},
	Keywords = {project:evolution, community norms, conventions, language, lifecycle, linguistic change, reviews, social influence, user abandonment},
	Location = {Rio de Janeiro, Brazil},
	Numpages = {12},
	Pages = {307--318},
	Publisher = {ACM},
	Series = {WWW '13},
	Title = {No Country for Old Members: User Lifecycle and Linguistic Change in Online Communities},
	Url = {http://doi.acm.org/10.1145/2488388.2488416},
	Year = {2013},
	Bdsk-Url-1 = {http://doi.acm.org/10.1145/2488388.2488416},
	Bdsk-Url-2 = {http://dx.doi.org/10.1145/2488388.2488416}}

@article{kl:1951,
	Author = {Kullback, S. and Leibler, R. A.},
	Doi = {10.1214/aoms/1177729694},
	Fjournal = {Annals of Mathematical Statistics},
	Issn = {0003-4851},
	Journal = {Ann. Math. Statistics},
	Mrclass = {62.0X},
	Mrnumber = {0039968},
	Mrreviewer = {L. J. Savage},
	Pages = {79--86},
	Title = {On information and sufficiency},
	Url = {https://doi.org/10.1214/aoms/1177729694},
	Volume = {22},
	Year = {1951},
	Bdsk-Url-1 = {https://doi.org/10.1214/aoms/1177729694}}

@inproceedings{Ribeiro:2016,
	Acmid = {2939778},
	Author = {Ribeiro, Marco Tulio and Singh, Sameer and Guestrin, Carlos},
	Booktitle = {Proceedings of the 22Nd ACM SIGKDD International Conference on Knowledge Discovery and Data Mining},
	Doi = {10.1145/2939672.2939778},
	Isbn = {978-1-4503-4232-2},
	Keywords = {black box classifier, explaining machine learning, interpretability, interpretable machine learning},
	Location = {San Francisco, California, USA},
	Numpages = {10},
	Pages = {1135--1144},
	Publisher = {ACM},
	Series = {KDD '16},
	Title = {"Why Should I Trust You?": Explaining the Predictions of Any Classifier},
	Url = {http://doi.acm.org/10.1145/2939672.2939778},
	Year = {2016},
	Bdsk-Url-1 = {http://doi.acm.org/10.1145/2939672.2939778},
	Bdsk-Url-2 = {https://doi.org/10.1145/2939672.2939778}}

@inproceedings{hima:2016,
	Acmid = {2939874},
	Author = {Lakkaraju, Himabindu and Bach, Stephen H. and Leskovec, Jure},
	Booktitle = {Proceedings of the 22Nd ACM SIGKDD International Conference on Knowledge Discovery and Data Mining},
	Doi = {10.1145/2939672.2939874},
	Isbn = {978-1-4503-4232-2},
	Keywords = {classification, decision sets, interpretable machine learning, submodularity},
	Numpages = {10},
	Pages = {1675--1684},
	Publisher = {ACM},
	Series = {KDD '16},
	Title = {Interpretable Decision Sets: A Joint Framework for Description and Prediction},
	Url = {http://doi.acm.org/10.1145/2939672.2939874},
	Year = {2016},
	Bdsk-Url-1 = {http://doi.acm.org/10.1145/2939672.2939874},
	Bdsk-Url-2 = {https://doi.org/10.1145/2939672.2939874}}

@article{goulden:1949,
	Author = {Goulden, Cyril H and others},
	Journal = {Methods of statistical analysis.},
	Publisher = {John Wiley and Sons, Inc., New York; Chapman and Hall, Ltd., London},
	Title = {Methods of statistical analysis.},
	Year = {1949}}

@inproceedings{Sinha:2015,
	Acmid = {2742839},
	Author = {Sinha, Arnab and Shen, Zhihong and Song, Yang and Ma, Hao and Eide, Darrin and Hsu, Bo-June (Paul) and Wang, Kuansan},
	Booktitle = {Proceedings of the 24th International Conference on World Wide Web},
	Doi = {10.1145/2740908.2742839},
	Isbn = {978-1-4503-3473-0},
	Keywords = {academic search, entity conflation, recommender systems},
	Location = {Florence, Italy},
	Numpages = {4},
	Pages = {243--246},
	Publisher = {ACM},
	Series = {WWW '15 Companion},
	Title = {An Overview of Microsoft Academic Service (MAS) and Applications},
	Url = {http://doi.acm.org/10.1145/2740908.2742839},
	Year = {2015},
	Bdsk-Url-1 = {http://doi.acm.org/10.1145/2740908.2742839},
	Bdsk-Url-2 = {https://doi.org/10.1145/2740908.2742839}}

@article{Chakraborty:2018,
	Acmid = {3184731},
	Author = {Chakraborty, Tanmoy and Nandi, Subrata},
	Doi = {10.1007/s10115-017-1080-y},
	Issn = {0219-1377},
	Issue_Date = {February 2018},
	Journal = {Knowl. Inf. Syst.},
	Keywords = {Citation, Scientific entities, Scientific success, Success trajectories},
	Month = feb,
	Number = {2},
	Numpages = {23},
	Pages = {487--509},
	Publisher = {Springer-Verlag New York, Inc.},
	Title = {Universal Trajectories of Scientific Success},
	Url = {https://doi.org/10.1007/s10115-017-1080-y},
	Volume = {54},
	Year = {2018},
	Bdsk-Url-1 = {https://doi.org/10.1007/s10115-017-1080-y}}

@article{Welch:1947,
	Author = {WELCH, B. L.},
	Doi = {10.1093/biomet/34.1-2.28},
	Issn = {0006-3444},
	Journal = {Biometrika},
	Month = {01},
	Number = {1-2},
	Pages = {28-35},
	Title = {THE GENERALIZATION OF STUDENT'S PROBLEM WHEN SEVERAL DIFFERENT POPULATION VARLANCES ARE INVOLVED},
	Url = {https://dx.doi.org/10.1093/biomet/34.1-2.28},
	Volume = {34},
	Year = {1947},
	Bdsk-Url-1 = {https://dx.doi.org/10.1093/biomet/34.1-2.28}}

@inproceedings{Kruskal:1952,
	Author = {William H. Kruskal and W. Allen Wallis},
	Journal = {Journal of the American Statistical Association},
	Number = {260},
	Pages = {583-621},
	Publisher = {Taylor \& Francis},
	Title = {Use of Ranks in One-Criterion Variance Analysis},
	Volume = {47},
	Year = {1952}}

@article{elbow:2001,
	Author = {Tibshirani, Robert and Walther, Guenther and Hastie, Trevor},
	Journal = {Journal of the Royal Statistical Society: Series B (Statistical Methodology)},
	Number = {2},
	Pages = {411--423},
	Publisher = {Wiley Online Library},
	Title = {Estimating the number of clusters in a data set via the gap statistic},
	Volume = {63},
	Year = {2001}}

@inproceedings{Danai:2018,
	Acmid = {3219863},
	Author = {Safavi, Tara and Davoodi, Maryam and Koutra, Danai},
	Booktitle = {Proceedings of the 24th ACM SIGKDD International Conference on Knowledge Discovery \&\#38; Data Mining},
	Doi = {10.1145/3219819.3219863},
	Isbn = {978-1-4503-5552-0},
	Keywords = {career mining, computing research, graph mining, hits, professional trajectories},
	Numpages = {10},
	Pages = {675--684},
	Publisher = {ACM},
	Series = {KDD '18},
	Title = {Career Transitions and Trajectories: A Case Study in Computing},
	Url = {http://doi.acm.org/10.1145/3219819.3219863},
	Year = {2018},
	Bdsk-Url-1 = {http://doi.acm.org/10.1145/3219819.3219863},
	Bdsk-Url-2 = {https://doi.org/10.1145/3219819.3219863}}

@article{Kahn:1993,
	Author = {Shulamit Kahn},
	Issn = {00028282},
	Journal = {The American Economic Review},
	Number = {2},
	Pages = {52--56},
	Publisher = {American Economic Association},
	Title = {Gender Differences in Academic Career Paths of Economists},
	Url = {http://www.jstor.org/stable/2117639},
	Volume = {83},
	Year = {1993},
	Bdsk-Url-1 = {http://www.jstor.org/stable/2117639}}

@article{Ward:2001,
	Author = {Melanie Ward},
	Doi = {10.1080/00036840010014445},
	Journal = {Applied Economics},
	Number = {13},
	Pages = {1669-1681},
	Publisher = {Routledge},
	Title = {The gender salary gap in British academia},
	Volume = {33},
	Year = {2001},
	Bdsk-Url-1 = {https://doi.org/10.1080/00036840010014445}}

@inproceedings{Wang:2016,
	Acmid = {2858107},
	Address = {New York, NY, USA},
	Author = {Wang, Gang and Zhang, Xinyi and Tang, Shiliang and Zheng, Haitao and Zhao, Ben Y.},
	Booktitle = {Proceedings of the 2016 CHI Conference on Human Factors in Computing Systems},
	Doi = {10.1145/2858036.2858107},
	Isbn = {978-1-4503-3362-7},
	Keywords = {clickstream analysis, user behavioral model, visualization},
	Location = {San Jose, California, USA},
	Numpages = {12},
	Pages = {225--236},
	Publisher = {ACM},
	Series = {CHI '16},
	Title = {Unsupervised Clickstream Clustering for User Behavior Analysis},
	Url = {http://doi.acm.org/10.1145/2858036.2858107},
	Year = {2016},
	Bdsk-Url-1 = {http://doi.acm.org/10.1145/2858036.2858107},
	Bdsk-Url-2 = {https://doi.org/10.1145/2858036.2858107}}

@inproceedings{Schneider:2009,
	Acmid = {1644899},
	Address = {New York, NY, USA},
	Author = {Schneider, Fabian and Feldmann, Anja and Krishnamurthy, Balachander and Willinger, Walter},
	Booktitle = {Proceedings of the 9th ACM SIGCOMM Conference on Internet Measurement},
	Doi = {10.1145/1644893.1644899},
	Isbn = {978-1-60558-771-4},
	Keywords = {clickstream analysis, feature popularity, http, network measurement, online social networks, session characteristics, user interactions},
	Location = {Chicago, Illinois, USA},
	Numpages = {14},
	Pages = {35--48},
	Publisher = {ACM},
	Series = {IMC '09},
	Title = {Understanding Online Social Network Usage from a Network Perspective},
	Url = {http://doi.acm.org/10.1145/1644893.1644899},
	Year = {2009},
	Bdsk-Url-1 = {http://doi.acm.org/10.1145/1644893.1644899},
	Bdsk-Url-2 = {https://doi.org/10.1145/1644893.1644899}}

@inproceedings{buscher:2012,
	Author = {Buscher, Georg and White, Ryen W and Dumais, Susan and Huang, Jeff},
	Booktitle = {Proceedings of the fifth ACM international conference on Web search and data mining},
	Organization = {ACM},
	Title = {Large-scale analysis of individual and task differences in search result page examination strategies},
	Year = {2012}}

@inproceedings{Maia:2008,
	Author = {Maia, Marcelo and Almeida, Jussara and Almeida, Virgilio},
	Doi = {10.1145/1435497.1435498},
	Isbn = {978-1-60558-124-8},
	Keywords = {clustering, groups, online social networks, user behavior},
	Series = {SocialNets'08},
	Title = {Identifying User Behavior in Online Social Networks},
	Url = {http://doi.acm.org/10.1145/1435497.1435498},
	Year = {2008},
	Bdsk-Url-1 = {http://doi.acm.org/10.1145/1435497.1435498},
	Bdsk-Url-2 = {https://doi.org/10.1145/1435497.1435498}}

@inproceedings{Mamykina:2011,
	Acmid = {1979366},
	Author = {Mamykina, Lena and Manoim, Bella and Mittal, Manas and Hripcsak, George and Hartmann, Bj\"{o}rn},
	Doi = {10.1145/1978942.1979366},
	Isbn = {978-1-4503-0228-9},
	Keywords = {mixed methods analysis, q\&\#38;a},
	Series = {CHI'11},
	Title = {Design Lessons from the Fastest Q\&a Site in the West},
	Url = {http://doi.acm.org/10.1145/1978942.1979366},
	Year = {2011},
	Bdsk-Url-1 = {http://doi.acm.org/10.1145/1978942.1979366},
	Bdsk-Url-2 = {https://doi.org/10.1145/1978942.1979366}}

@inproceedings{Adamic:2008,
	Author = {Adamic, Lada A. and Zhang, Jun and Bakshy, Eytan and Ackerman, Mark S.},
	Doi = {10.1145/1367497.1367587},
	Isbn = {978-1-60558-085-2},
	Keywords = {expertise finding, help seeking, knowledge sharing, online communities, question answering, social network analysis},
	Series = {WWW'08},
	Title = {Knowledge Sharing and Yahoo Answers: Everyone Knows Something},
	Url = {http://doi.acm.org/10.1145/1367497.1367587},
	Year = {2008},
	Bdsk-Url-1 = {http://doi.acm.org/10.1145/1367497.1367587},
	Bdsk-Url-2 = {https://doi.org/10.1145/1367497.1367587}}

@inproceedings{Angeletou:2011,
	Abstract = {Understanding and forecasting the health of an online community is of great value to its owners and managers who have vested interests in its longevity and success. Nevertheless, the association between community evolution and the behavioural patterns and trends of its members is not clearly understood, which hinders our ability of making accurate predictions of whether a community is flourishing or diminishing. In this paper we use statistical analysis, combined with a semantic model and rules for representing and computing behaviour in online communities. We apply this model on a number of forum communities from Boards.ie to categorise behaviour of community members over time, and report on how different behaviour compositions correlate with positive and negative community growth in these forums.},
	Author = {Angeletou, Sofia and Rowe, Matthew and Alani, Harith},
	Booktitle = {The Semantic Web-ISWC'11},
	Isbn = {978-3-642-25073-6},
	Title = {Modelling and Analysis of User Behaviour in Online Communities},
	Year = {2011}}

@inproceedings{Benevenuto:2009,
	Acmid = {1644900},
	Author = {Benevenuto, Fabricio and Rodrigues, Tiago and Cha, Meeyoung and Almeida, Virgilio},
	Doi = {10.1145/1644893.1644900},
	Isbn = {978-1-60558-771-4},
	Keywords = {browsing, clickstream, online social networks, session, silent activity, social network aggregator, user behavior},
	Series = {IMC'09},
	Title = {Characterizing User Behavior in Online Social Networks},
	Url = {http://doi.acm.org/10.1145/1644893.1644900},
	Year = {2009},
	Bdsk-Url-1 = {http://doi.acm.org/10.1145/1644893.1644900},
	Bdsk-Url-2 = {https://doi.org/10.1145/1644893.1644900}}

@inproceedings{Furtado:2013,
	Author = {Furtado, Adabriand and Andrade, Nazareno and Oliveira, Nigini and Brasileiro, Francisco},
	Doi = {10.1145/2441776.2441916},
	Isbn = {978-1-4503-1331-5},
	Keywords = {datamining and machine learning, empirical methods, quantitative, q\&\#38;a sites, studies of wikipedia/web},
	Series = {CSCW'13},
	Title = {Contributor Profiles, Their Dynamics, and Their Importance in Five Q\&a Sites},
	Url = {http://doi.acm.org/10.1145/2441776.2441916},
	Year = {2013},
	Bdsk-Url-1 = {http://doi.acm.org/10.1145/2441776.2441916},
	Bdsk-Url-2 = {https://doi.org/10.1145/2441776.2441916}}

@book{Ltkepohl:2007,
	Author = {Ltkepohl, Helmut},
	Isbn = {3540262393, 9783540262398},
	Publisher = {Springer Publishing Company},
	Title = {New Introduction to Multiple Time Series Analysis},
	Year = {2007}}

@article{Anonymous2019,
  title={Discovering Archetypes to Interpret Evolution of Individual Behavior},
  author={Narang, Kanika and Chung, Austin and Sundaram, Hari and Chaturvedi, Snigdha},
  journal={arXiv preprint arXiv:1902.05567},
  year={2019}
}

@article{Lipton2016,
	Archiveprefix = {arXiv},
	Author = {Zachary Chase Lipton},
	Bibsource = {dblp computer science bibliography, https://dblp.org},
	Biburl = {https://dblp.org/rec/bib/journals/corr/Lipton16a},
	Date-Added = {2018-03-22 14:31:04 +0000},
	Date-Modified = {2018-03-22 14:31:04 +0000},
	Eprint = {1606.03490},
	Journal = {CoRR},
	Timestamp = {Wed, 07 Jun 2017 14:40:56 +0200},
	Title = {The Mythos of Model Interpretability},
	Url = {http://arxiv.org/abs/1606.03490},
	Volume = {abs/1606.03490},
	Year = {2016},
	Bdsk-Url-1 = {http://arxiv.org/abs/1606.03490}}

@incollection{Rabiner:1990,
	Acmid = {108253},
	Author = {Rabiner, Lawrence R.},
	Chapter = {A Tutorial on Hidden Markov Models and Selected Applications in Speech Recognition},
	Editor = {Waibel, Alex and Lee, Kai-Fu},
	Isbn = {1-55860-124-4},
	Numpages = {30},
	Pages = {267--296},
	Publisher = {Morgan Kaufmann Publishers Inc.},
	Title = {Readings in Speech Recognition},
	Url = {http://dl.acm.org/citation.cfm?id=108235.108253},
	Year = {1990},
	Bdsk-Url-1 = {http://dl.acm.org/citation.cfm?id=108235.108253}}

@article{Dempster:1977,
	Author = {Dempster, A. P. and Laird, N. M. and Rubin, D. B.},
	Journal = {Journal of the Royal Statistical Society: Series B},
	Pages = {1-38},
	Title = {Maximum likelihood from incomplete data via the {EM} algorithm},
	Volume = 39,
	Year = 1977}

@techreport{ilprints422,
	Month = {November},
	Number = {1999-66},
	Publisher = {Stanford InfoLab},
	Title = {The PageRank Citation Ranking: Bringing Order to the Web.},
	Type = {Technical Report},
	Url = {http://ilpubs.stanford.edu:8090/422/},
	Year = {1999},
	Bdsk-Url-1 = {http://ilpubs.stanford.edu:8090/422/}}

@inproceedings{HMM2014,
	Author = {Shima Ghassempour and Federico Girosi and Anthony Maeder},
	Booktitle = {International journal of environmental research and public health},
	Title = {Clustering Multivariate Time Series Using Hidden Markov Models},
	Year = {2014}}

@inproceedings{liu2014chi,
	Author = {Liu, Yong and Goncalves, Jorge and Ferreira, Denzil and Xiao, Bei and Hosio, Simo and Kostakos, Vassilis},
	Booktitle = {Proceedings of the 32nd annual ACM conference on Human factors in computing systems},
	Organization = {ACM},
	Pages = {3553--3562},
	Title = {CHI 1994-2013: mapping two decades of intellectual progress through co-word analysis},
	Year = {2014}}

@inproceedings{Yang:2014,
	Acmid = {2568044},
	Author = {Yang, Jaewon and McAuley, Julian and Leskovec, Jure and LePendu, Paea and Shah, Nigam},
	Booktitle = {Proceedings of the 23rd International Conference on World Wide Web},
	Series = {WWW'14},
	Doi = {10.1145/2566486.2568044},
	Isbn = {978-1-4503-2744-2},
	Keywords = {event sequences, time series, user modeling},
	Numpages = {12},
	Pages = {783--794},
	Publisher = {ACM},
	Title = {Finding Progression Stages in Time-evolving Event Sequences},
	Url = {http://doi.acm.org/10.1145/2566486.2568044},
	Year = {2014},
	Bdsk-Url-1 = {http://doi.acm.org/10.1145/2566486.2568044},
	Bdsk-Url-2 = {https://dx.doi.org/10.1145/2566486.2568044}}

@inproceedings{Matsubara:2014,
	Acmid = {2588556},
	Author = {Matsubara, Yasuko and Sakurai, Yasushi and Faloutsos, Christos},
	Booktitle = {Proceedings of the 2014 ACM SIGMOD International Conference on Management of Data},
	Doi = {10.1145/2588555.2588556},
	Isbn = {978-1-4503-2376-5},
	Keywords = {automatic mining, time-series data},
	Publisher = {ACM},
	Title = {AutoPlait: Automatic Mining of Co-evolving Time Sequences},
	Url = {http://doi.acm.org/10.1145/2588555.2588556},
	Year = {2014},
	Bdsk-Url-1 = {http://doi.acm.org/10.1145/2588555.2588556},
	Bdsk-Url-2 = {https://dx.doi.org/10.1145/2588555.2588556}}

@inproceedings{Smyth:1997,
	Author = {Padhraic Smyth},
	Booktitle = {Advances in Neural Information Processing Systems},
	Pages = {648--654},
	Publisher = {MIT Press},
	Title = {Clustering Sequences with Hidden Markov Models},
	Year = {1997}}

@article{rainier,
	Author = {Juang, B.H. and R. Rabiner, Lawrence},
	Booktitle = {AT&T Technical Journal},
	Month = {02},
	Title = {A Probabilistic Distance Measure for Hidden Markov Models},
	Volume = {64},
	Year = {1985}}

@inproceedings{Wang:2014,
	Acmid = {2623754},
	Author = {Wang, Xiang and Sontag, David and Wang, Fei},
	Booktitle = {Proceedings of the 20th ACM SIGKDD International Conference on Knowledge Discovery and Data Mining},
	Doi = {10.1145/2623330.2623754},
	Isbn = {978-1-4503-2956-9},
	Keywords = {bayesian network, disease progression modeling, markov jump process, medical informatics},
	Publisher = {ACM},
	Title = {Unsupervised Learning of Disease Progression Models},
	Url = {http://doi.acm.org/10.1145/2623330.2623754},
	Year = {2014},
	Bdsk-Url-1 = {http://doi.acm.org/10.1145/2623330.2623754},
	Bdsk-Url-2 = {https://dx.doi.org/10.1145/2623330.2623754}}

@inproceedings{Bicego:2003,
	Acmid = {1759559},
	Author = {Bicego, Manuele and Murino, Vittorio and Figueiredo, M\'{a}rio A. T.},
	Booktitle = {Proceedings of the 3rd International Conference on Machine Learning and Data Mining in Pattern Recognition},
	Isbn = {3-540-40504-6},
	Numpages = {10},
	Pages = {86--95},
	Publisher = {Springer-Verlag},
	Title = {Similarity-based Clustering of Sequences Using Hidden Markov Models},
	Url = {http://dl.acm.org/citation.cfm?id=1759548.1759559},
	Year = {2003},
	Bdsk-Url-1 = {http://dl.acm.org/citation.cfm?id=1759548.1759559}}

@inbook{Knab2003,
	Abstract = {We have developed a method to partition a set of data into clusters by use of Hidden Markov Models. Given a number of clusters, each of which is represented by one Hidden Markov Model, an iterative procedure finds the combination of cluster models and an assignment of data points to cluster models which maximizes the joint likelihood of the clustering. To reflect the partially non-Markovian nature of the data we also extend classical Hidden Markov Models to use a non-homogeneous Markov chain, where the non-homogeneity is dependent not on the time of the observation but rather on a quantity derived from previous observations.},
	Author = {Knab, Bernhard and Schliep, Alexander and Steckemetz, Barthel and Wichern, Bernd},
	Booktitle = {Between Data Science and Applied Data Analysis. Studies in Classification, Data Analysis, and Knowledge Organization},
	Doi = {10.1007/978-3-642-18991-3_64},
	Editor = {Schader, Martin and Gaul, Wolfgang and Vichi, Maurizio},
	Isbn = {978-3-642-18991-3},
	Publisher = {Springer Berlin Heidelberg},
	Title = {Model-Based Clustering With Hidden Markov Models and its Application to Financial Time-Series Data},
	Url = {https://doi.org/10.1007/978-3-642-18991-3_64},
	Year = {2003},
	Bdsk-Url-1 = {https://doi.org/10.1007/978-3-642-18991-3_64}}

@inproceedings{Beal:2007,
	Acmid = {1563642},
	Author = {Beal, Carole and Mitra, Sinjini and Cohen, Paul R.},
	Booktitle = {Proceedings of the 2007 Conference on Artificial Intelligence in Education: Building Technology Rich Learning Contexts That Work},
	Isbn = {978-1-58603-764-2},
	Keywords = {Clustering, Hidden Markov Model, Inference, Intelligent Tutoring System, Learner Engagement, Learning Action Patterns, Prediction, Transition Matrices},
	Publisher = {IOS Press},
	Title = {Modeling Learning Patterns of Students with a Tutoring System Using Hidden Markov Models},
	Url = {http://dl.acm.org/citation.cfm?id=1563601.1563642},
	Year = {2007},
	Bdsk-Url-1 = {http://dl.acm.org/citation.cfm?id=1563601.1563642}}

@article{Coviello:2014,
	Acmid = {2627457},
	Author = {Coviello, Emanuele and Chan, Antoni B. and Lanckriet, Gert R. G.},
	Issn = {1532-4435},
	Journal = {J. Mach. Learn. Res.},
	Keywords = {clustering, hidden Markov mixture model, hidden Markov model, hierarchical EM algorithm, time-series classification, variational approximation},
	Pages = {697--747},
	Publisher = {JMLR.org},
	Title = {Clustering Hidden Markov Models with Variational HEM},
	Url = {http://dl.acm.org/citation.cfm?id=2627435.2627457},
	Volume = {15},
	Year = {2014},
	Bdsk-Url-1 = {http://dl.acm.org/citation.cfm?id=2627435.2627457}}

@inproceedings{Yang:2011,
	Acmid = {1935863},
	Address = {New York, NY, USA},
	Author = {Yang, Jaewon and Leskovec, Jure},
	Booktitle = {Proceedings of the Fourth ACM International Conference on Web Search and Data Mining},
	Doi = {10.1145/1935826.1935863},
	Isbn = {978-1-4503-0493-1},
	Keywords = {social media, time series clustering},
	Title = {Patterns of Temporal Variation in Online Media},
	Url = {http://doi.acm.org/10.1145/1935826.1935863},
	Year = {2011},
	Bdsk-Url-1 = {http://doi.acm.org/10.1145/1935826.1935863},
	Bdsk-Url-2 = {https://dx.doi.org/10.1145/1935826.1935863}}

@inproceedings{Biryukov:2010,
	Acmid = {1887792},
	Author = {Biryukov, Maria and Dong, Cailing},
	Booktitle = {Proceedings of the 14th European Conference on Research and Advanced Technology for Digital Libraries},
	Isbn = {3-642-15463-8, 978-3-642-15463-8},
	Keywords = {author profiling, bibliographic databases, bibliometrics, scientific communities},
	Publisher = {Springer-Verlag},
	Title = {Analysis of Computer Science Communities Based on DBLP},
	Url = {http://dl.acm.org/citation.cfm?id=1887759.1887792},
	Year = {2010},
	Bdsk-Url-1 = {http://dl.acm.org/citation.cfm?id=1887759.1887792}}

@inproceedings{Li:2011,
	Acmid = {3104506},
	Address = {USA},
	Author = {Li, Lei and Prakash, B. Aditya},
	Booktitle = {Proceedings of the 28th International Conference on International Conference on Machine Learning},
	Isbn = {978-1-4503-0619-5},
	Publisher = {Omnipress},
	Title = {Time Series Clustering: Complex is Simpler!},
	Url = {http://dl.acm.org/citation.cfm?id=3104482.3104506},
	Year = {2011},
	Bdsk-Url-1 = {http://dl.acm.org/citation.cfm?id=3104482.3104506}}

@article{Rowe:2016,
	Acmid = {2798730},
	Articleno = {21},
	Author = {Rowe, Matthew},
	Doi = {10.1145/2798730},
	Issn = {1556-4681},
	Issue_Date = {February 2016},
	Journal = {ACM Trans. Knowl. Discov. Data},
	Keywords = {Churn prediction, lexical terms, lifecycle mining, online communities, social dynamics},
	Publisher = {ACM},
	Title = {Mining User Development Signals for Online Community Churner Detection},
	Url = {http://doi.acm.org/10.1145/2798730},
	Volume = {10},
	Year = {2016},
	Bdsk-Url-1 = {http://doi.acm.org/10.1145/2798730},
	Bdsk-Url-2 = {https://dx.doi.org/10.1145/2798730}}

@article{Palla:2007,
	Author = {Palla, Gergely and Barabasi, Albert-Laszlo and Vicsek, Tamas},
	Biburl = {https://www.bibsonomy.org/bibtex/2faf86b0103569c0dd145148057245ef0/a_olympia},
	Citeulike-Article-Id = {1206611},
	Description = {citeulike},
	Doi = {10.1038/nature05670},
	Interhash = {06d1dc12eeaf26fa3ac1fc7a3fa3496e},
	Intrahash = {faf86b0103569c0dd145148057245ef0},
	Journal = {Nature},
	Keywords = {07 auto-correlation cell collaboration community complex_network complexity cooperation cultural-evolution dynamics evolution generations group k-clique network networks networks_dynamic networktheory no-tag percolation phone quantifying quantitative scientific social social-dynamics social-network social-networks social-structure social_analysis social_network social_networks socialnetworking sociology sociophysics swarm tagging taggingpres},
	Month = {April},
	Number = 7136,
	Pages = {664--667},
	Priority = {2},
	Timestamp = {2007-08-18T13:22:27.000+0200},
	Title = {Quantifying social group evolution},
	Url = {http://www.ncbi.nlm.nih.gov/entrez/query.fcgi?cmd=Retrieve\&db=pubmed\&dopt=Abstract\&list_uids=17410175},
	Volume = 446,
	Year = 2007,
	Bdsk-Url-1 = {http://www.ncbi.nlm.nih.gov/entrez/query.fcgi?cmd=Retrieve%5C&db=pubmed%5C&dopt=Abstract%5C&list_uids=17410175},
	Bdsk-Url-2 = {https://dx.doi.org/10.1038/nature05670}}

@inproceedings{Viswanath:2009,
	Acmid = {1592675},
	Author = {Viswanath, Bimal and Mislove, Alan and Cha, Meeyoung and Gummadi, Krishna P.},
	Booktitle = {Proceedings of the 2Nd ACM Workshop on Online Social Networks},
	Doi = {10.1145/1592665.1592675},
	Isbn = {978-1-60558-445-4},
	Keywords = {measurement, online social networks},
	Publisher = {ACM},
	Series = {WOSN '09},
	Title = {On the Evolution of User Interaction in Facebook},
	Url = {http://doi.acm.org/10.1145/1592665.1592675},
	Year = {2009},
	Bdsk-Url-1 = {http://doi.acm.org/10.1145/1592665.1592675},
	Bdsk-Url-2 = {https://dx.doi.org/10.1145/1592665.1592675}}

@article{Watts2006,
	Abstract = {Social networks evolve over time, driven by the shared activities and affiliations of their members, by similarity of individuals' attributes, and by the closure of short network cycles. We analyzed a dynamic social network comprising 43,553 students, faculty, and staff at a large university, in which interactions between individuals are inferred from time-stamped e-mail headers recorded over one academic year and are matched with affiliations and attributes. We found that network evolution is dominated by a combination of effects arising from network topology itself and the organizational structure in which the network is embedded. In the absence of global perturbations, average network properties appear to approach an equilibrium state, whereas individual properties are unstable.},
	Added-At = {2009-02-08T16:38:56.000+0100},
	Author = {Kossinets, G and Watts, D},
	Biburl = {https://www.bibsonomy.org/bibtex/243c16b68b78491136aebb254f328cdd2/svsegbro},
	Date-Added = {2008-05-29 19:03:59 +0200},
	Date-Modified = {2008-08-08 14:24:42 +0200},
	Interhash = {5ad266725285b94b101b16470579b666},
	Intrahash = {43c16b68b78491136aebb254f328cdd2},
	Journal = {Science},
	Keywords = {imported},
	Local-Url = {file://localhost/Users/sven/Documents/Papers/2006/Kossinets/Science%202006%20Kossinets.pdf},
	Number = 5757,
	Pages = {88--90},
	Rating = {0},
	Read = {Yes},
	Timestamp = {2009-02-08T16:38:59.000+0100},
	Title = {Empirical Analysis of an Evolving Social Network},
	Uri = {papers://B7B184F3-8CE5-4C43-B61C-B7952DE67982/Paper/p1267},
	Volume = 311,
	Year = 2006}

@inproceedings{Keogh:2001,
	Acmid = {657889},
	Address = {Washington, DC, USA},
	Author = {Keogh, Eamonn J. and Chu, Selina and Hart, David and Pazzani, Michael J.},
	Booktitle = {Proceedings of the 2001 IEEE International Conference on Data Mining},
	Isbn = {0-7695-1119-8},
	Publisher = {IEEE Computer Society},
	Title = {An Online Algorithm for Segmenting Time Series},
	Url = {http://dl.acm.org/citation.cfm?id=645496.657889},
	Year = {2001},
	Bdsk-Url-1 = {http://dl.acm.org/citation.cfm?id=645496.657889}}

@inproceedings{Danescu,
	Acmid = {2488416},
	Author = {Danescu-Niculescu-Mizil, Cristian and West, Robert and Jurafsky, Dan and Leskovec, Jure and Potts, Christopher},
	Booktitle = {Proceedings of the 22Nd International Conference on World Wide Web},
	Doi = {10.1145/2488388.2488416},
	Isbn = {978-1-4503-2035-1},
	Keywords = {community norms, conventions, language, lifecycle, linguistic change, reviews, social influence, user abandonment},
	Publisher = {ACM},
	Title = {No Country for Old Members: User Lifecycle and Linguistic Change in Online Communities},
	Url = {http://doi.acm.org/10.1145/2488388.2488416},
	Year = {2013},
	Bdsk-Url-1 = {http://doi.acm.org/10.1145/2488388.2488416},
	Bdsk-Url-2 = {https://dx.doi.org/10.1145/2488388.2488416}}

@inproceedings{McAuley:2013,
	Acmid = {2488466},
	Author = {McAuley, Julian John and Leskovec, Jure},
	Booktitle = {Proceedings of the 22Nd International Conference on World Wide Web},
	Doi = {10.1145/2488388.2488466},
	Isbn = {978-1-4503-2035-1},
	Keywords = {expertise, recommender systems, user modeling},
	Publisher = {ACM},
	Title = {From Amateurs to Connoisseurs: Modeling the Evolution of User Expertise Through Online Reviews},
	Url = {http://doi.acm.org/10.1145/2488388.2488466},
	Year = {2013},
	Bdsk-Url-1 = {http://doi.acm.org/10.1145/2488388.2488466},
	Bdsk-Url-2 = {https://dx.doi.org/10.1145/2488388.2488466}}

@inproceedings{Hu:2014,
	Acmid = {2623338},
	Address = {New York, NY, USA},
	Author = {Hu, Diane J. and Hall, Rob and Attenberg, Josh},
	Booktitle = {Proceedings of the 20th ACM SIGKDD International Conference on Knowledge Discovery and Data Mining},
	Doi = {10.1145/2623330.2623338},
	Isbn = {978-1-4503-2956-9},
	Keywords = {collaborative filtering, recommender systems, topic modeling},
	Publisher = {ACM},
	Title = {Style in the Long Tail: Discovering Unique Interests with Latent Variable Models in Large Scale Social E-commerce},
	Url = {http://doi.acm.org/10.1145/2623330.2623338},
	Year = {2014},
	Bdsk-Url-1 = {http://doi.acm.org/10.1145/2623330.2623338},
	Bdsk-Url-2 = {https://dx.doi.org/10.1145/2623330.2623338}}

@inproceedings{Narang:2017,
	Acmid = {3020175},
	Address = {New York, NY, USA},
	Author = {Narang, Kanika and Dumais, Susan T. and Craswell, Nick and Liebling, Dan and Ai, Qingyao},
	Booktitle = {Proceedings of the 2017 Conference on Conference Human Information Interaction and Retrieval},
	Doi = {10.1145/3020165.3020175},
	Isbn = {978-1-4503-4677-1},
	Keywords = {email management strategies, email search},
	Publisher = {ACM},
	Title = {Large-Scale Analysis of Email Search and Organizational Strategies},
	Url = {http://doi.acm.org/10.1145/3020165.3020175},
	Year = {2017},
	Bdsk-Url-1 = {http://doi.acm.org/10.1145/3020165.3020175},
	Bdsk-Url-2 = {https://doi.org/10.1145/3020165.3020175}}

@inproceedings{Way:2016,
	Acmid = {2883073},
	Author = {Way, Samuel F. and Larremore, Daniel B. and Clauset, Aaron},
	Booktitle = {Proceedings of the 25th International Conference on World Wide Web},
	Doi = {10.1145/2872427.2883073},
	Isbn = {978-1-4503-4143-1},
	Keywords = {data science, employment networks, modeling, gender, network analysis, social dynamics},
	Title = {Gender, Productivity, and Prestige in Computer Science Faculty Hiring Networks},
	Url = {https://doi.org/10.1145/2872427.2883073},
	Year = {2016},
	Bdsk-Url-1 = {https://doi.org/10.1145/2872427.2883073}}

@article{Way:2017,
	Author = {Way, Samuel F. and Morgan, Allison C. and Clauset, Aaron and Larremore, Daniel B.},
	Doi = {10.1073/pnas.1702121114},
	Issn = {0027-8424},
	Journal = {Proceedings of the National Academy of Sciences},
	Number = {44},
	Pages = {E9216--E9223},
	Publisher = {National Academy of Sciences},
	Title = {The misleading narrative of the canonical faculty productivity trajectory},
	Url = {http://www.pnas.org/content/114/44/E9216},
	Volume = {114},
	Year = {2017},
	Bdsk-Url-1 = {http://www.pnas.org/content/114/44/E9216},
	Bdsk-Url-2 = {https://doi.org/10.1073/pnas.1702121114}}
